@book{kerbl2023,
  author    = {Kerbl, B. and Kopanas, G. and Leimkühler, T. and Drettakis, G.},
  title     = {3D Gaussian Splatting for Real-Time Radiance Field Rendering},
  address   = {arXiv},
  publisher = {arXiv:2308.04079},
  year      = {2023},
  
  language  = {english}
}



@book{graphdeco_repo,
  author    = {Kerbl, B. and others},
  title     = {graphdeco-inria/gaussian-splatting: Official repository},
  address   = {GitHub},
  publisher = {GitHub},
  year      = {2023},
  
  language  = {english}
}

@book{zwicker2001,
  author    = {Zwicker, M. and others},
  title     = {EWA Volume Splatting},
  address   = {VIS Conference},
  publisher = {IEEE},
  year      = {2001},
  
  language  = {english}
}

@book{gsplat_repo,
  author    = {Nerfstudio Project},
  title     = {gsplat: Differentiable Gaussian Splatting library},
  address   = {GitHub},
  publisher = {GitHub},
  year      = {2024},
  
  language  = {english}
}

@book{gsplat_docs,
  author    = {Nerfstudio Project},
  title     = {gsplat Documentation},
  address   = {gsplat.studio},
  publisher = {gsplat.studio},
  year      = {2024},
  
  language  = {english}
}

@book{huggingface_blog,
  author    = {Hugging Face},
  title     = {Gaussian Splatting: A New Era in Real-Time 3D Rendering},
  address   = {Hugging Face Blog},
  publisher = {Hugging Face},
  year      = {2024},
  
  language  = {english}
}

@book{habr_article,
  author    = {Хабр},
  title     = {3D Gaussian Splatting: Реализация и применение},
  address   = {Хабр},
  publisher = {Хабр},
  year      = {2023},
  
  language  = {russian}
}

@book{medium_part1,
  author    = {Ye, V.},
  title     = {A Python Engineer’s Introduction to 3D Gaussian Splatting (Part 1)},
  address   = {Towards Data Science},
  publisher = {Medium},
  year      = {2023},
  
  language  = {english}
}

@book{medium_part2,
  author    = {Ye, V.},
  title     = {A Python Engineer’s Introduction to 3D Gaussian Splatting (Part 2)},
  address   = {Towards Data Science},
  publisher = {Medium},
  year      = {2023},
  
  language  = {english}
}


@book{towardsdatascience_part3,
  author    = {Ye, V.},
  title     = {A Python Engineer’s Introduction to 3D Gaussian Splatting (Part 3)},
  address   = {Towards Data Science},
  publisher = {Medium},
  year      = {2024},
  
  language  = {english}
}
